@article{generalized2011,
  title={Light propagation with phase discontinuities: generalized laws of reflection and refraction},
  author={Yu, Nanfang and Genevet, Patrice and Kats, Mikhail A and Aieta, Francesco and Tetienne, Jean-Philippe and Capasso, Federico and Gaburro, Zeno},
  journal={science},
  volume={334},
  number={6054},
  pages={333--337},
  year={2011},
  publisher={American Association for the Advancement of Science}
}

@article{reviewMetasurfaces2016,
  title={A review of metasurfaces: physics and applications},
  author={Chen, Hou-Tong and Taylor, Antoinette J and Yu, Nanfang},
  journal={Reports on progress in physics},
  volume={79},
  number={7},
  pages={076401},
  year={2016},
  publisher={IOP Publishing}
}

@article{coherentControl2014,
  title={Coherent control of Snellâ€™s law at metasurfaces},
  author={Shi, Jinhui and Fang, Xu and Rogers, Edward TF and Plum, Eric and MacDonald, Kevin F and Zheludev, Nikolay I},
  journal={Optics express},
  volume={22},
  number={17},
  pages={21051--21060},
  year={2014},
  publisher={Optica Publishing Group}
}

@article{twoDimensional2016,
  title={Two-dimensional control of light with light on metasurfaces},
  author={Papaioannou, Maria and Plum, Eric and Valente, Jo{\~a}o and Rogers, Edward TF and Zheludev, Nikolay I},
  journal={Light: Science \& Applications},
  volume={5},
  number={4},
  pages={e16070--e16070},
  year={2016},
  publisher={Nature Publishing Group}
}
